<Document xmlns="urn:iso:std:iso:20022:tech:xsd:pacs.008.001.08">
  <FIToFICstmrCdtTrf>
    <GrpHdr>
      <MsgId>SCTORD156820211213000000012649</MsgId>
      <CreDtTm>2021-12-13T13:24:39</CreDtTm>
      <NbOfTxs>1</NbOfTxs>
      <TtlIntrBkSttlmAmt Ccy="EUR">46290.42</TtlIntrBkSttlmAmt>
      <IntrBkSttlmDt>2021-12-13</IntrBkSttlmDt>
      <SttlmInf>
          <SttlmMtd>CLRG</SttlmMtd>
      </SttlmInf>
      <InstgAgt>
        <FinInstnId>
          <BICFI>AAAABBCC</BICFI>
        </FinInstnId>
      </InstgAgt>
      <InstdAgt>
        <FinInstnId>
          <BICFI>BBCCDDNN</BICFI>
        </FinInstnId>
      </InstdAgt>
    </GrpHdr>
    <CreditTransferTransactionInformation>
      <PmtId>
        <InstrId>SCTORD156820211213000000012649</InstrId>
        <EndToEndId>E2E123456789</EndToEndId>
      </PmtId>
      <IntrBkSttlmAmt Ccy="EUR">46290.42</IntrBkSttlmAmt>
      <ChrgBr>SHAR</ChrgBr>
      <Dbtr>
          <Nm>John Doe</Nm>
          <PstlAdr>
              <StrtNm>123 Main St</StrtNm>
              <TwnNm>Anytown</TwnNm>
              <Ctry>US</Ctry>
          </PstlAdr>
      </Dbtr>
      <DbtrAcct>
        <Id>
            <Othr>
              <Id>1234567890</Id>
            </Othr>
        </Id>
      </DbtrAcct>
        <CdtrAgt>
            <FinInstnId>
                <BICFI>CCDDEEFF</BICFI>
            </FinInstnId>
        </CdtrAgt>
      <Cdtr>
          <Nm>Jane Smith</Nm>
          <PstlAdr>
              <StrtNm>456 Oak Ave</StrtNm>
              <TwnNm>Othertown</TwnNm>
              <Ctry>US</Ctry>
          </PstlAdr>
      </Cdtr>
       <CdtrAcct>
            <Id>
                <Othr>
                    <Id>9876543210</Id>
                </Othr>
            </Id>
        </CdtrAcct>
       <RmtInf>
         <Ustrd>Payment for invoice 12345</Ustrd>
       </RmtInf>
    </CreditTransferTransactionInformation>
  </FIToFICstmrCdtTrf>
</Document>