<?xml version="1.0" encoding="UTF-8"?>
<Document xmlns="urn:iso:std:iso:20022:tech:xsd:pain.001.001.03" xmlns:xsi="http://www.w3.org/2001/XMLSchema-instance">
    <CstmrCdtTrfInitn>
        <GrpHdr>
            <MsgId>MSGID12345</MsgId>
            <CreDtTm>2025-08-15T14:00:00</CreDtTm>
            <NbOfTxs>1</NbOfTxs>
            <CtrlSum>100.00</CtrlSum>
            <InitgPty>
                <Nm>Debtor Company Name</Nm>
                <Id>
                    <OrgId>
                        <Othr>
                            <Id>DEBTORORGID</Id>
                        </Othr>
                    </OrgId>
                </Id>
            </InitgPty>
        </GrpHdr>
        <PmtInf>
            <PmtInfId>PMTINFID001</PmtInfId>
            <PmtMtd>TRF</PmtMtd>
            <BtchBookg>true</BtchBookg>
            <NbOfTxs>1</NbOfTxs>
            <CtrlSum>100.00</CtrlSum>
            <ReqdExctnDt>2025-08-16</ReqdExctnDt>
            <Dbtr>
                <Nm>Debtor Company Name</Nm>
                <PstlAdr>
                    <Ctry>US</Ctry>
                    <AdrLine>123 Debtor Street</AdrLine>
                </PstlAdr>
            </Dbtr>
            <DbtrAcct>
                <Id>
                    <IBAN>DE89370400440532013000</IBAN>
                </Id>
                <Ccy>EUR</Ccy>
            </DbtrAcct>
            <DbtrAgt>
                <FinInstnId>
                    <BICFI>BANKBICCODE</BICFI>
                </FinInstnId>
            </DbtrAgt>
            <CdtTrfTxInf>
                <PmtId>
                    <EndToEndId>E2EID001</EndToEndId>
                </PmtId>
                <Amt>
                    <InstdAmt Ccy="EUR">100.00</InstdAmt>
                </Amt>
                <CdtrAgt>
                    <FinInstnId>
                        <BICFI>RECBICCODE</BICFI>
                    </FinInstnId>
                </CdtrAgt>
                <Cdtr>
                    <Nm>Creditor Name</Nm>
                    <PstlAdr>
                        <Ctry>DE</Ctry>
                        <AdrLine>456 Creditor Avenue</AdrLine>
                    </PstlAdr>
                </Cdtr>
                <CdtrAcct>
                    <Id>
                        <IBAN>DE91100000000123456789</IBAN>
                    </Id>
                    <Ccy>EUR</Ccy>
                </CdtrAcct>
                <RmtInf>
                    <Ustrd>Invoice 2025-001</Ustrd>
                </RmtInf>
            </CdtTrfTxInf>
        </PmtInf>
    </CstmrCdtTrfInitn>
</Document>